@article{Duarte:2016lig,
      author         = "Duarte, Miguel and Brito, Richard",
      title          = "{Asymptotically anti-de Sitter Proca Stars}",
      journal        = "Phys. Rev.",
      volume         = "D94",
      year           = "2016",
      number         = "6",
      pages          = "064055",
      doi            = "10.1103/PhysRevD.94.064055",
      eprint         = "1609.01735",
      archivePrefix  = "arXiv",
      primaryClass   = "gr-qc",
      SLACcitation   = "%%CITATION = ARXIV:1609.01735;%%"
}

@article{Brihaye:2015jja,
      author         = "Brihaye, Yves and Hartmann, Betti",
      title          = "{Minimal boson stars in 5 dimensions: classical
                        instability and existence of ergoregions}",
      journal        = "Class. Quant. Grav.",
      volume         = "33",
      year           = "2016",
      number         = "6",
      pages          = "065002",
      doi            = "10.1088/0264-9381/33/6/065002",
      eprint         = "1509.04534",
      archivePrefix  = "arXiv",
      primaryClass   = "hep-th",
      SLACcitation   = "%%CITATION = ARXIV:1509.04534;%%"
}
:
