@article{Henneaux:2006hk,
      author         = "Henneaux, Marc and Martinez, Cristian and Troncoso,
                        Ricardo and Zanelli, Jorge",
      title          = "{Asymptotic behavior and Hamiltonian analysis of anti-de
                        Sitter gravity coupled to scalar fields}",
      journal        = "Annals Phys.",
      volume         = "322",
      year           = "2007",
      pages          = "824-848",
      doi            = "10.1016/j.aop.2006.05.002",
      eprint         = "hep-th/0603185",
      archivePrefix  = "arXiv",
      primaryClass   = "hep-th",
      reportNumber   = "CECS-PHY-06-04, NSF-KITP-06-20, ULB-TH-06-05",
      SLACcitation   = "%%CITATION = HEP-TH/0603185;%%"
}

@article{Marolf:2006nd,
      author         = "Marolf, Donald and Ross, Simon F.",
      title          = "{Boundary Conditions and New Dualities: Vector Fields in
                        AdS/CFT}",
      journal        = "JHEP",
      volume         = "11",
      year           = "2006",
      pages          = "085",
      doi            = "10.1088/1126-6708/2006/11/085",
      eprint         = "hep-th/0606113",
      archivePrefix  = "arXiv",
      primaryClass   = "hep-th",
      reportNumber   = "DCPT-06-15",
      SLACcitation   = "%%CITATION = HEP-TH/0606113;%%"
}

@article{Astefanesei:2003qy,
      author         = "Astefanesei, Dumitru and Radu, Eugen",
      title          = "{Boson stars with negative cosmological constant}",
      journal        = "Nucl. Phys.",
      volume         = "B665",
      year           = "2003",
      pages          = "594-622",
      doi            = "10.1016/S0550-3213(03)00482-6",
      eprint         = "gr-qc/0309131",
      archivePrefix  = "arXiv",
      primaryClass   = "gr-qc",
      reportNumber   = "FREIBURG-THEP-03-15",
      SLACcitation   = "%%CITATION = GR-QC/0309131;%%"
}
